@article{Arellano:1987jx,
author = {Arellano, M},
title = {{Practitioners{\textquoteright} Corner: Computing Robust Standard Errors for Within-groups Estimators}},
journal = {Oxford Bulletin of Economics and Statistics},
year = {1987},
volume = {49},
number = {4},
pages = {431--434},
month = nov
}

@article{Beck:1995hm,
author = {Beck, Nathaniel and Katz, Jonathan N},
title = {{What to do (and Not to Do) with Time-Series Cross-Section Data}},
journal = {American Political Science Review},
year = {1995},
volume = {89},
number = {03},
pages = {634--647}
}

@article{Bowers:2011ua,
author = {Bowers, Jake},
title = {{Six Steps to a Better Relationship with Your Future Self}},
journal = {The Political Methodologist},
year = {2011},
volume = {18},
number = {2},
pages = {2--8}
}

@article{Cameron:2015ud,
author = {Cameron, A Colin and Miller, Douglas L},
title = {{A Practitioner's Guide to Cluster-Robust Inference}},
journal = {Journal of Human Resources},
year = {2015},
volume = {50},
number = {2},
pages = {317--372}
}

@article{Hausman:1978bi,
author = {Hausman, J A},
title = {{Specification Tests in Econometrics}},
journal = {Econometrica},
year = {1978},
volume = {46},
number = {6},
pages = {1251},
month = nov
}

@book{Johnston:1997um,
author = {Johnston, John and DiNardo, John},
title = {{Econometric Methods}},
publisher = {McGraw-Hill},
year = {1997},
edition = {4}
}

@book{Leek:2015uw,
author = {Leek, Jeff},
title = {{The Elements of Data Analytic Style}},
publisher = {Leanpub},
year = {2015},
month = mar
}

@article{Liang:1986gv,
author = {Liang, Kung-Yee and Zeger, Scott L},
title = {{Longitudinal Data Analysis Using Generalized Linear Models}},
journal = {Biometrika},
year = {1986},
volume = {73},
number = {1},
pages = {13},
month = apr
}

@article{Lorenzo:2006ic,
author = {Lorenzo, Mercedes and Crouch, Catherine H and Mazur, Eric},
title = {{Reducing the gender gap in the physics classroom}},
journal = {American Journal of Physics},
year = {2006},
volume = {74},
number = {2},
pages = {118--122},
month = feb
}

@article{Moulton:1986kw,
author = {Moulton, Brent R},
title = {{Random group effects and the precision of regression estimates}},
journal = {Journal of Econometrics},
year = {1986},
volume = {32},
number = {3},
pages = {385--397},
month = aug
}

@article{Moulton:1990bl,
author = {Moulton, Brent R},
title = {{An Illustration of a Pitfall in Estimating the Effects of Aggregate Variables on Micro Units}},
journal = {The Review of Economics and Statistics},
year = {1990},
volume = {72},
number = {2},
pages = {334},
month = may
}

@article{Wickham:2014vp,
author = {Wickham, Hadley},
title = {{Tidy Data}},
journal = {Journal of Statistical Software},
year = {2014},
volume = {59},
number = {10}
}

@article{Wilson:2014ck,
author = {Wilson, Greg and Aruliah, D A and Brown, C Titus and Hong, Neil P Chue and Davis, Matt and Guy, Richard T and Haddock, Steven H D and Huff, Kathryn D and Mitchell, Ian M and Plumbley, Mark D and Ben Waugh and White, Ethan P and Wilson, Paul},
title = {{Best Practices for Scientific Computing}},
journal = {PLOS Biology},
year = {2014},
volume = {12},
number = {1},
pages = {e1001745},
month = jan
}

@book{Wooldridge:2002vr,
author = {Wooldridge, Jeffrey M},
title = {{Econometric Analysis of Cross Section and Panel Data}},
publisher = {MIT Press},
year = {2002}
}

@article{braumoeller2004hypothesis,
  title={Hypothesis testing and multiplicative interaction terms},
  author={Braumoeller, Bear F},
  journal={International organization},
  volume={58},
  number={04},
  pages={807--820},
  year={2004},
  publisher={Cambridge University Press}
}

@article{breusch1980lagrange,
  title={The Lagrange multiplier test and its applications to model specification in econometrics},
  author={Breusch, Trevor Stanley and Pagan, Adrian Rodney},
  journal={The Review of Economic Studies},
  volume={47},
  number={1},
  pages={239--253},
  year={1980},
  publisher={JSTOR}
}

@article{burbidge1988alternative,
  title={Alternative transformations to handle extreme values of the dependent variable},
  author={Burbidge, John B and Magee, Lonnie and Robb, A Leslie},
  journal={Journal of the American Statistical Association},
  volume={83},
  number={401},
  pages={123--127},
  year={1988},
  publisher={Taylor \& Francis}
}

@article{clarke2005phantom,
  title={The phantom menace: Omitted variable bias in econometric research},
  author={Clarke, Kevin A},
  journal={Conflict Management and Peace Science},
  volume={22},
  number={4},
  pages={341--352},
  year={2005}
}

@book{gelman2006data,
  title={Data analysis using regression and multilevel/hierarchical models},
  author={Gelman, Andrew and Hill, Jennifer},
  year={2006},
  publisher={Cambridge university press}
}

@book{greene,
author = {Greene, William H},
title = {{Econometric Analysis}},
publisher = {Prentice Hall},
year = {2003},
edition = {5}
}

@article{ioannidis2005most,
  title={Why most published research findings are false},
  author={Ioannidis, John PA},
  journal={PLos med},
  volume={2},
  number={8},
  pages={e124},
  year={2005},
  publisher={Public Library of Science}
}

@article{ioannidis2008most,
  title={Why most discovered true associations are inflated},
  author={Ioannidis, John PA},
  journal={Epidemiology},
  volume={19},
  number={5},
  pages={640--648},
  year={2008},
  publisher={LWW}
}

@article{koenker1982robust,
  title={Robust tests for heteroscedasticity based on regression quantiles},
  author={Koenker, Roger and Bassett Jr, Gilbert},
  journal={Econometrica: Journal of the Econometric Society},
  pages={43--61},
  year={1982},
  publisher={JSTOR}
}

@article{mackinnon1985some,
  title={Some heteroskedasticity-consistent covariance matrix estimators with improved finite sample properties},
  author={MacKinnon, James G and White, Halbert},
  journal={Journal of econometrics},
  volume={29},
  number={3},
  pages={305--325},
  year={1985},
  publisher={Elsevier}
}

@article{open2015estimating,
  title={Estimating the reproducibility of psychological science},
  author={{Open Science Collaboration}},
  journal={Science},
  volume={349},
  number={6251},
  pages={aac4716},
  year={2015},
  publisher={American Association for the Advancement of Science}
}

@article{pritschet2016marginally,
  title={Marginally significant effects as evidence for hypotheses: Changing attitudes over four decades},
  author={Pritschet, Laura and Powell, Derek and Horne, Zachary},
  journal={Psychological science},
  volume={27},
  number={7},
  pages={1036--1042},
  year={2016},
  publisher={SAGE Publications Sage CA: Los Angeles, CA}
}

@article{white1980heteroskedasticity,
  title={A heteroskedasticity-consistent covariance matrix estimator and a direct test for heteroskedasticity},
  author={White, Halbert},
  journal={Econometrica: Journal of the Econometric Society},
  pages={817--838},
  year={1980},
  publisher={JSTOR}
}

@article{young2008current,
  title={Why current publication practices may distort science},
  author={Young, Neal S and Ioannidis, John PA and Al-Ubaydli, Omar},
  journal={PLoS Med},
  volume={5},
  number={10},
  pages={e201},
  year={2008},
  publisher={Public Library of Science}
}

@book{angrist2015mastering,
author = {Angrist, Joshua D. and Pischke, J\"{o}rn-Steffen},
title = {Mastering 'Metrics: The Path from Cause to Effect},
publisher = {Princeton University Press},
year = {2015},
}                  

@article{hanmer2013behind,
  title={Behind the curve: Clarifying the best approach to calculating predicted probabilities and marginal effects from limited dependent variable models},
  author={Hanmer, Michael J and Ozan Kalkan, Kerem},
  journal={American Journal of Political Science},
  volume={57},
  number={1},
  pages={263--277},
  year={2013},
  publisher={Wiley Online Library}
}

@book{davidson1993estimation,
title={Estimation and Inference in Econometrics},
author={Davidson, Russell and MacKinnon, James G.},
year={1993},
publisher={Oxford University Press}
}

@article{albert1984existence,
  title={On the Existence of Maximum Likelihood Estimates in Logistic Regression Models},
  author={Albert, Adelin and Anderson, John A.},
  journal={Biometrika},
  volume={71},
  number={1},
  pages={1--10},
  year={1984},
  publisher={Oxford University Press}
}

@article{zorn2005solution,
  title={A Solution to Separation in Binary Response Models},
  author={Zorn, Christopher},
  journal={Political Analysis},
  volume={13},
  number={2},
  pages={157--170},
  year={2005},
  publisher={Cambridge University Press}
}

@article{firth1993bias,
  title={Bias Reduction of Maximum Likelihood Estimates},
  author={Firth, David},
  journal={Biometrika},
  volume={80},
  number={1},
  pages={27--38},
  year={1993},
  publisher={Oxford University Press}
}

@misc{beck2018estimating,
    title={Estimating Grouped Data Models with a Binary Dependent Variable and Fixed Effects: What Are the Issues?},
    author={Nathaniel Beck},
    year={2018},
    eprint={1809.06505},
    archivePrefix={arXiv},
    primaryClass={econ.EM}
}

@article{chamberlain1980analysis,
  title={Analysis of Covariance with Qualitative Data},
  author={Chamberlain, Gary},
  journal={The Review of Economic Studies},
  volume={47},
  number={1},
  pages={225--238},
  year={1980},
  publisher={JSTOR}
}

@article{huffer1998markov,
  title={Markov Chain Monte Carlo for Autologistic Regression Models with Application to the Distribution of Plant Species},
  author={Huffer, Fred W and Wu, Hulin},
  journal={Biometrics},
  pages={509--524},
  year={1998},
  publisher={JSTOR}
}

@article{ward2002location,
  title={Location, Location, Location: An MCMC Approach to Modeling the Spatial Context of War and Peace},
  author={Ward, Michael D and Gleditsch, Kristian Skrede},
  journal={Political analysis},
  volume={10},
  number={3},
  pages={244--260},
  year={2002},
  publisher={Cambridge University Press}
}

@article{poirier1988probit,
  title={Probit with Dependent Observations},
  author={Poirier, Dale J. and Ruud, Paul A.},
  journal={The Review of Economic Studies},
  volume={55},
  number={4},
  pages={593--614},
  year={1988},
  publisher={Wiley-Blackwell}
}

@article{rubin2005causal,
  title={Causal inference using potential outcomes: Design, modeling, decisions},
  author={Rubin, Donald B},
  journal={Journal of the American Statistical Association},
  volume={100},
  number={469},
  pages={322--331},
  year={2005},
  publisher={Taylor \& Francis}
}
@article{holland1986statistics,
  title={Statistics and Causal Inference},
  author={Holland, Paul W.},
  journal={Journal of the American statistical Association},
  volume={81},
  number={396},
  pages={945--960},
  year={1986},
  publisher={Taylor \& Francis}
}
@article{sen2016race,
  title={Race as a Bundle of Sticks: Designs That Estimate Effects of Seemingly Immutable Characteristics},
  author={Sen, Maya and Wasow, Omar},
  journal={Annual Review of Political Science},
  volume={19},
  year={2016}
}
@article{rosenbaum1984consequences,
  title={The Consequences of Adjustment for a Concomitant Variable That Has Been Affected by the Treatment},
  author={Rosenbaum, Paul R.},
  journal={Journal of the Royal Statistical Society: Series A (General)},
  volume={147},
  number={5},
  pages={656--666},
  year={1984},
  publisher={Wiley Online Library}
}
@article{imai2010general,
  title={A General Approach to Causal Mediation Analysis.},
  author={Imai, Kosuke and Keele, Luke and Tingley, Dustin},
  journal={Psychological Methods},
  volume={15},
  number={4},
  pages={309},
  year={2010},
  publisher={American Psychological Association}
}
@article{keele2020causal,
  title={The causal interpretation of estimated associations in regression models},
  author={Keele, Luke and Stevenson, Randolph T and Elwert, Felix},
  journal={Political Science Research and Methods},
  volume={8},
  number={1},
  pages={1--13},
  year={2020},
  publisher={Cambridge University Press}
}
@article{bound1995problems,
  title={Problems with Instrumental Variables Estimation When the Correlation between the Instruments and the Endogenous Explanatory Variable Is Weak},
  author={Bound, John and Jaeger, David A. and Baker, Regina M.},
  journal={Journal of the American Statistical Association},
  volume={90},
  number={430},
  pages={443--450},
  year={1995},
  publisher={Taylor \& Francis}
}
@article{stock2002survey,
  title={A Survey of Weak Instruments and Weak Identification in Generalized Method of Moments},
  author={Stock, James H. and Wright, Jonathan H. and Yogo, Motohiro},
  journal={Journal of Business \& Economic Statistics},
  volume={20},
  number={4},
  pages={518--529},
  year={2002},
  publisher={Taylor \& Francis}
}
@article{portnoy2022linearity,
  title={Linearity of unbiased linear model estimators},
  author={Portnoy, Stephen},
  journal={The American Statistician},
  volume={76},
  number={4},
  pages={372--375},
  year={2022},
  publisher={Taylor \& Francis}
}
@misc{bellego2022dealing,
  doi = {10.48550/ARXIV.2203.11820},
  url = {https://arxiv.org/abs/2203.11820},
  author = {Bellégo, Christophe and Benatia, David and Pape, Louis},
  keywords = {Econometrics (econ.EM), Methodology (stat.ME), FOS: Economics and business, FOS: Economics and business, FOS: Computer and information sciences, FOS: Computer and information sciences},
  title = {Dealing with Logs and Zeros in Regression Models},
  publisher = {arXiv},
  year = {2022},
  copyright = {Creative Commons Attribution 4.0 International}
}
@article{lin2016standard,
  title={Standard Operating Procedures: A Safety Net for Pre-Analysis Plans},
  author={Lin, Winston and Green, Donald P.},
  journal={PS: Political Science \& Politics},
  volume={49},
  number={3},
  pages={495--500},
  year={2016},
  publisher={Cambridge University Press}
}
@article{humphreys2013fishing,
  title={Fishing, Commitment, and Communication: A Proposal for Comprehensive Nonbinding Research Registration},
  author={Humphreys, Macartan and De la Sierra, Raul Sanchez and Van der Windt, Peter},
  journal={Political Analysis},
  volume={21},
  number={1},
  pages={1--20},
  year={2013},
  publisher={Cambridge University Press}
}
@article{long2000using,
  title={Using Heteroscedasticity Consistent Standard Errors in the Linear Regression Model},
  author={Long, J. Scott and Ervin, Laurie H.},
  journal={The American Statistician},
  volume={54},
  number={3},
  pages={217--224},
  year={2000},
  publisher={Taylor \& Francis}
}
